<?xml version="1.0" encoding="UTF-8"?><collection xmlns="http://www.loc.gov/MARC21/slim"><record><leader>00368nam--2200145-i-4500</leader><controlfield tag="001">000039882</controlfield><controlfield tag="002">20161230</controlfield><controlfield tag="005">20161230201042</controlfield><controlfield tag="008">060222s1000------------r-----000-0-eng-d</controlfield><datafield ind1=" " ind2=" " tag="080"><subfield code="a">659.2:65.01</subfield></datafield><datafield ind1=" " ind2=" " tag="100"><subfield code="a">Roux, G</subfield></datafield><datafield ind1=" " ind2=" " tag="245"><subfield code="a">L`equipe informatique</subfield></datafield><datafield ind1=" " ind2=" " tag="260"><subfield code="a">Paris, Dunod Economie, 1969, Vii + 117p</subfield></datafield><datafield ind1=" " ind2=" " tag="490"><subfield code="a">Collection. La Vie De L`Entreprise</subfield></datafield><datafield ind1=" " ind2=" " tag="852"><subfield code="a">34799</subfield></datafield></record></collection>